<collection xmlns="http://www.loc.gov/MARC21/slim"><record><leader>00781nam  2200253   450</leader><controlfield tag="001">823</controlfield><controlfield tag="003">http://montalegre.opacnet.com/OPAC/default.aspx?ContentAreaControl=ShowRegHoldings.ascx&amp;RegNo=16662</controlfield><datafield tag="021" ind1=" " ind2=" "><subfield code="a">PT</subfield><subfield code="b">23302</subfield></datafield><datafield tag="095" ind1=" " ind2=" "><subfield code="a">PTBN00123154</subfield></datafield><datafield tag="100" ind1=" " ind2=" "><subfield code="a">20061013d1988    m  y0pora0103    ba</subfield></datafield><datafield tag="101" ind1="1" ind2=" "><subfield code="a">por</subfield><subfield code="c">ita</subfield></datafield><datafield tag="102" ind1=" " ind2=" "><subfield code="a">PT</subfield></datafield><datafield tag="105" ind1=" " ind2=" "><subfield code="a">y   z   001ay</subfield></datafield><datafield tag="106" ind1=" " ind2=" "><subfield code="a">r</subfield></datafield><datafield tag="200" ind1="1" ind2=" "><subfield code="a">Se isto é um homem</subfield><subfield code="f">Primo Levi</subfield><subfield code="g">trad. Simonetta Cabrita Neto</subfield></datafield><datafield tag="210" ind1=" " ind2=" "><subfield code="a">Lisboa</subfield><subfield code="c">Teorema</subfield><subfield code="d">imp. 1988</subfield></datafield><datafield tag="215" ind1=" " ind2=" "><subfield code="a">176p.</subfield><subfield code="d">21 cm</subfield></datafield><datafield tag="225" ind1="2" ind2=" "><subfield code="a">Estórias</subfield><subfield code="v">18</subfield></datafield><datafield tag="304" ind1=" " ind2=" "><subfield code="a">Tit. orig.: Se questo e un uomo</subfield></datafield><datafield tag="675" ind1=" " ind2=" "><subfield code="a">821</subfield></datafield><datafield tag="700" ind1=" " ind2="1"><subfield code="a">Levi</subfield><subfield code="b">Primo</subfield><subfield code="f">1919-1987</subfield><subfield code="3">73701</subfield></datafield><datafield tag="702" ind1=" " ind2="1"><subfield code="a">Neto</subfield><subfield code="b">Simonetta</subfield><subfield code="4">730</subfield><subfield code="3">34801</subfield></datafield><datafield tag="801" ind1=" " ind2="0"><subfield code="a">PT</subfield><subfield code="b">Biblioteca Municipal de Montalegre</subfield><subfield code="g">RPC</subfield></datafield><datafield tag="856" ind1=" " ind2=" "><subfield code="u">locateMedia.asp?cod=20060622171200&amp;ext=jpg</subfield><subfield code="z">CAPA</subfield></datafield><datafield tag="909" ind1="&#9;" ind2=" "><subfield code="a">1</subfield></datafield><datafield tag="966" ind1=" " ind2=" "><subfield code="a">0009015</subfield><subfield code="l">BMM</subfield><subfield code="s">SCG 821 LEV ist 18</subfield></datafield></record></collection>